@misc{isza, title={TFilter - Free online FIR filter design}, url={http://t-filter.engineerjs.com/}, journal={TFilter - Free online FIR filter design}, author={Isza, Peter}}
@misc{dspguru, title={FIR Filter Properties}, url={https://dspguru.com/dsp/faqs/fir/properties/}, journal={dspGuru}}
@misc{arduino, title={Debounce},
url={https://www.arduino.cc/en/tutorial/debounce}, journal={Arduino - Debounce}}
@misc{fir_filter, title={The Lab Book Pages}, url={http://www.labbookpages.co.uk/audio/firWindowing.html}, journal={Sitewide RSS}, author={Greensted, Andrew}}
@misc{lab2_handout, title={{ECSE426} {L}ab 2 {H}andout}, author={McGill}}
@misc{lab3_handout, title={{ECSE426} {L}ab 3 {H}andout}, author={McGill}}
@misc{pwm_rc_citation, title={What is the RC circuit's response to a PWM signal?}, url={https://www3.nd.edu/~lemmon/courses/ee224/web-manual/web-manual/lab8a/node5.html}, journal={What is the RC circuit's response to a PWM signal?}, author={Lemmon, Michael}}
@misc{yiu, title={The Definitive Guide to ARM® Cortex®-M0 and Cortex-M0 Processors}, url={https://books.google.com/books/about/The_Definitive_Guide_to_ARM_Cortex_M0_an.html?id=l9RtBgAAQBAJ}, journal={Google Books}, author={Yiu, Joseph}}
